@article{shirato2000physical,
  title={Physical aspects of a real-time tumor-tracking system for gated radiotherapy},
  author={Shirato, Hiroki and Shimizu, Shinichi and Kunieda, Tatsuya and Kitamura, Kei and van Herk, Marcel and Kagei, Kenji and Nishioka, Takeshi and Hashimoto, Seiko and Fujita, Katsuhisa and Aoyama, Hidefumi and others},
  journal={International Journal of Radiation Oncology* Biology* Physics},
  volume={48},
  number={4},
  pages={1187--1195},
  year={2000},
  publisher={Elsevier}
},
@article{schweikard2000robotic,
  title={Robotic motion compensation for respiratory movement during radiosurgery},
  author={Schweikard, Achim and Glosser, Greg and Bodduluri, Mohan and Murphy, Martin J and Adler, John R},
  journal={Computer Aided Surgery},
  volume={5},
  number={4},
  pages={263--277},
  year={2000},
  publisher={Wiley Online Library}
},
@inproceedings{mcclelland20054d,
  title={4D motion models over the respiratory cycle for use in lung cancer radiotherapy planning},
  author={McClelland, JR and Chandler, AG and Blackall, JM and Ahmad, S and Landau, DB and Hawkes, DJ},
  booktitle={Medical Imaging},
  pages={173--183},
  year={2005},
  organization={International Society for Optics and Photonics}
},
@article{buerger2012nonrigid,
  title={Nonrigid motion modeling of the liver from 3-D undersampled self-gated golden-radial phase encoded MRI},
  author={Buerger, Christian and Clough, RE and King, Andrew P and Schaeffter, Tobias and Prieto, Claudia},
  journal={Medical Imaging, IEEE Transactions on},
  volume={31},
  number={3},
  pages={805--815},
  year={2012},
  publisher={IEEE}
},
@article{manke2003novel,
  title={Novel prospective respiratory motion correction approach for free-breathing coronary MR angiography using a patient-adapted affine motion model},
  author={Manke, Dirk and Nehrke, Kay and B{\"o}rnert, Peter},
  journal={Magnetic Resonance in Medicine},
  volume={50},
  number={1},
  pages={122--131},
  year={2003},
  publisher={Wiley Online Library}
},
@article{shechter2004respiratory,
  title={Respiratory motion of the heart from free breathing coronary angiograms},
  author={Shechter, Guy and Ozturk, Cengizhan and Resar, Jon R and McVeigh, Elliot R},
  journal={Medical Imaging, IEEE Transactions on},
  volume={23},
  number={8},
  pages={1046--1056},
  year={2004},
  publisher={IEEE}
}